@book{touretzky2013common,
  title={COMMON LISP: A Gentle Introduction to Symbolic Computation},
  author={Touretzky, David S},
  year={2013},
  publisher={Courier Dover Publications}
}
